<record><leader>00000cas a22000007a 4500</leader><controlfield tag="001">11777644</controlfield><controlfield tag="008">850308d18721874ncuwr ne      0    0eng  </controlfield><controlfield tag="009">466</controlfield><datafield ind1=" " ind2=" " tag="010"><subfield code="a">sn 85042094 </subfield></datafield><datafield ind1=" " ind2=" " tag="040"><subfield code="a">DLC</subfield><subfield code="b">eng</subfield><subfield code="c">DLC</subfield><subfield code="d">NPX</subfield><subfield code="d">NYS</subfield><subfield code="d">NVJ</subfield><subfield code="d">DLC</subfield><subfield code="d">OCLCQ</subfield></datafield><datafield ind1="1" ind2=" " tag="029"><subfield code="a">AU@</subfield><subfield code="b">000026224139</subfield></datafield><datafield ind1=" " ind2=" " tag="042"><subfield code="a">msc</subfield></datafield><datafield ind1="0" ind2="0" tag="050"><subfield code="a">Newspaper</subfield></datafield><datafield ind1="0" ind2=" " tag="130"><subfield code="a">Weekly era (Raleigh, N.C. : 1872)</subfield></datafield><datafield ind1="1" ind2="4" tag="245"><subfield code="a">The weekly era.</subfield></datafield><datafield ind1="3" ind2="0" tag="246"><subfield code="a">Weekly era and examiner</subfield></datafield><datafield ind1="3" ind2="0" tag="246"><subfield code="a">Carolina era</subfield></datafield><datafield ind1=" " ind2=" " tag="260"><subfield code="a">Raleigh, N.C. :</subfield><subfield code="b">W.M. Brown</subfield></datafield><datafield ind1=" " ind2=" " tag="300"><subfield code="a">v. ;</subfield><subfield code="c">69 cm.</subfield></datafield><datafield ind1=" " ind2=" " tag="310"><subfield code="a">Weekly</subfield></datafield><datafield ind1="0" ind2=" " tag="362"><subfield code="a">Vol. 2, no. 22 (Nov. 14 1872)-v.4, no. 9 (Aug. 20, 1874).</subfield></datafield><datafield ind1=" " ind2=" " tag="500"><subfield code="a">Published as: Weekly era and examiner, Jan. 29, 1874-Mar. 12, 1874.</subfield></datafield><datafield ind1=" " ind2=" " tag="500"><subfield code="a">Published as: Carolina era, Mar. 26-Apr. 2, 1874.</subfield></datafield><datafield ind1=" " ind2=" " tag="500"><subfield code="a">Republican.</subfield></datafield><datafield ind1=" " ind2=" " tag="752"><subfield code="a">United States</subfield><subfield code="b">North Carolina</subfield><subfield code="c">Wake</subfield><subfield code="d">Raleigh.</subfield></datafield><datafield ind1="0" ind2=" " tag="775"><subfield code="t">Daily era (Raleigh, N.C.)</subfield><subfield code="w">(DLC)sn 85042091</subfield></datafield><datafield ind1="0" ind2=" " tag="775"><subfield code="t">Daily examiner (Raleigh, N.C.)</subfield><subfield code="w">(DLC)sn 92072994</subfield></datafield><datafield ind1="0" ind2=" " tag="775"><subfield code="t">Tri-weekly era</subfield><subfield code="w">(DLC)sn 85042093</subfield></datafield><datafield ind1="0" ind2="0" tag="780"><subfield code="t">Carolina era (Raleigh, N.C. : 1871 : Weekly)</subfield><subfield code="w">(DLC)sn 92072942</subfield></datafield><datafield ind1="0" ind2="0" tag="785"><subfield code="t">Era (Raleigh, N.C.)</subfield><subfield code="w">(DLC)sn 85026881</subfield></datafield></record>